%YAML 1.1
%TAG !u! tag:unity3d.com,2011:
--- !u!114 &3616771806125425600
MonoBehaviour:
  m_ObjectHideFlags: 0
  m_CorrespondingSourceObject: {fileID: 0}
  m_PrefabInstance: {fileID: 0}
  m_PrefabAsset: {fileID: 0}
  m_GameObject: {fileID: 4984518248141063886}
  m_Enabled: 1
  m_EditorHideFlags: 0
  m_Script: {fileID: 11500000, guid: bfe463308f1035743a680b7045f7fc71, type: 3}
  m_Name: 
  m_EditorClassIdentifier: 
  ChainLength: 5
  Target: {fileID: 0}
  Pole: {fileID: 0}
  Iterations: 10
  Delta: 0.001
  EnableGizmos: 1
  SnapBackStrength: 1
--- !u!1 &7947138356282206803
GameObject:
  m_ObjectHideFlags: 0
  m_CorrespondingSourceObject: {fileID: 0}
  m_PrefabInstance: {fileID: 0}
  m_PrefabAsset: {fileID: 0}
  serializedVersion: 6
  m_Component:
  - component: {fileID: 47627704185168049}
  - component: {fileID: 5528938032896327202}
  - component: {fileID: 5393225075045967087}
  - component: {fileID: 7411238822309152426}
  m_Layer: 0
  m_Name: Visualizer
  m_TagString: Untagged
  m_Icon: {fileID: 0}
  m_NavMeshLayer: 0
  m_StaticEditorFlags: 0
  m_IsActive: 1
--- !u!4 &47627704185168049
Transform:
  m_ObjectHideFlags: 0
  m_CorrespondingSourceObject: {fileID: 0}
  m_PrefabInstance: {fileID: 0}
  m_PrefabAsset: {fileID: 0}
  m_GameObject: {fileID: 7947138356282206803}
  m_LocalRotation: {x: 0, y: 0, z: 0, w: 1}
  m_LocalPosition: {x: -1.9, y: 0.22, z: 0.86}
  m_LocalScale: {x: 1, y: 1, z: 1}
  m_Children:
  - {fileID: 47627705533349443}
  m_Father: {fileID: 0}
  m_RootOrder: 0
  m_LocalEulerAnglesHint: {x: 0, y: 0, z: 0}
--- !u!33 &5528938032896327202
MeshFilter:
  m_ObjectHideFlags: 0
  m_CorrespondingSourceObject: {fileID: 0}
  m_PrefabInstance: {fileID: 0}
  m_PrefabAsset: {fileID: 0}
  m_GameObject: {fileID: 7947138356282206803}
  m_Mesh: {fileID: 10207, guid: 0000000000000000e000000000000000, type: 0}
--- !u!23 &5393225075045967087
MeshRenderer:
  m_ObjectHideFlags: 0
  m_CorrespondingSourceObject: {fileID: 0}
  m_PrefabInstance: {fileID: 0}
  m_PrefabAsset: {fileID: 0}
  m_GameObject: {fileID: 7947138356282206803}
  m_Enabled: 1
  m_CastShadows: 1
  m_ReceiveShadows: 1
  m_DynamicOccludee: 1
  m_MotionVectors: 1
  m_LightProbeUsage: 1
  m_ReflectionProbeUsage: 1
  m_RayTracingMode: 2
  m_RenderingLayerMask: 1
  m_RendererPriority: 0
  m_Materials:
  - {fileID: 2100000, guid: b1aaa356a0023c1408917428b3bc619c, type: 2}
  m_StaticBatchInfo:
    firstSubMesh: 0
    subMeshCount: 0
  m_StaticBatchRoot: {fileID: 0}
  m_ProbeAnchor: {fileID: 0}
  m_LightProbeVolumeOverride: {fileID: 0}
  m_ScaleInLightmap: 1
  m_ReceiveGI: 1
  m_PreserveUVs: 0
  m_IgnoreNormalsForChartDetection: 0
  m_ImportantGI: 0
  m_StitchLightmapSeams: 1
  m_SelectedEditorRenderState: 3
  m_MinimumChartSize: 4
  m_AutoUVMaxDistance: 0.5
  m_AutoUVMaxAngle: 89
  m_LightmapParameters: {fileID: 0}
  m_SortingLayerID: 0
  m_SortingLayer: 0
  m_SortingOrder: 0
--- !u!135 &7411238822309152426
SphereCollider:
  m_ObjectHideFlags: 0
  m_CorrespondingSourceObject: {fileID: 0}
  m_PrefabInstance: {fileID: 0}
  m_PrefabAsset: {fileID: 0}
  m_GameObject: {fileID: 7947138356282206803}
  m_Material: {fileID: 0}
  m_IsTrigger: 0
  m_Enabled: 1
  serializedVersion: 2
  m_Radius: 0.5
  m_Center: {x: 0, y: 0, z: 0}
--- !u!1001 &4833331730474745214
PrefabInstance:
  m_ObjectHideFlags: 0
  serializedVersion: 2
  m_Modification:
    m_TransformParent: {fileID: 47627704113483795}
    m_Modifications:
    - target: {fileID: 2694343012009107654, guid: 1cd6549a970f7de47b6a11128980f154,
        type: 3}
      propertyPath: m_Name
      value: Sphere
      objectReference: {fileID: 0}
    - target: {fileID: 5441728984341703204, guid: 1cd6549a970f7de47b6a11128980f154,
        type: 3}
      propertyPath: m_LocalPosition.x
      value: -0.19
      objectReference: {fileID: 0}
    - target: {fileID: 5441728984341703204, guid: 1cd6549a970f7de47b6a11128980f154,
        type: 3}
      propertyPath: m_LocalPosition.y
      value: -0.03
      objectReference: {fileID: 0}
    - target: {fileID: 5441728984341703204, guid: 1cd6549a970f7de47b6a11128980f154,
        type: 3}
      propertyPath: m_LocalPosition.z
      value: 4.82
      objectReference: {fileID: 0}
    - target: {fileID: 5441728984341703204, guid: 1cd6549a970f7de47b6a11128980f154,
        type: 3}
      propertyPath: m_LocalRotation.x
      value: -0
      objectReference: {fileID: 0}
    - target: {fileID: 5441728984341703204, guid: 1cd6549a970f7de47b6a11128980f154,
        type: 3}
      propertyPath: m_LocalRotation.y
      value: -0
      objectReference: {fileID: 0}
    - target: {fileID: 5441728984341703204, guid: 1cd6549a970f7de47b6a11128980f154,
        type: 3}
      propertyPath: m_LocalRotation.z
      value: -0
      objectReference: {fileID: 0}
    - target: {fileID: 5441728984341703204, guid: 1cd6549a970f7de47b6a11128980f154,
        type: 3}
      propertyPath: m_LocalRotation.w
      value: 1
      objectReference: {fileID: 0}
    - target: {fileID: 5441728984341703204, guid: 1cd6549a970f7de47b6a11128980f154,
        type: 3}
      propertyPath: m_RootOrder
      value: 0
      objectReference: {fileID: 0}
    - target: {fileID: 5441728984341703204, guid: 1cd6549a970f7de47b6a11128980f154,
        type: 3}
      propertyPath: m_LocalEulerAnglesHint.x
      value: 0
      objectReference: {fileID: 0}
    - target: {fileID: 5441728984341703204, guid: 1cd6549a970f7de47b6a11128980f154,
        type: 3}
      propertyPath: m_LocalEulerAnglesHint.y
      value: 0
      objectReference: {fileID: 0}
    - target: {fileID: 5441728984341703204, guid: 1cd6549a970f7de47b6a11128980f154,
        type: 3}
      propertyPath: m_LocalEulerAnglesHint.z
      value: 0
      objectReference: {fileID: 0}
    m_RemovedComponents: []
  m_SourcePrefab: {fileID: 100100000, guid: 1cd6549a970f7de47b6a11128980f154, type: 3}
--- !u!4 &619128640230152026 stripped
Transform:
  m_CorrespondingSourceObject: {fileID: 5441728984341703204, guid: 1cd6549a970f7de47b6a11128980f154,
    type: 3}
  m_PrefabInstance: {fileID: 4833331730474745214}
  m_PrefabAsset: {fileID: 0}
--- !u!1001 &5417217421281114679
PrefabInstance:
  m_ObjectHideFlags: 0
  serializedVersion: 2
  m_Modification:
    m_TransformParent: {fileID: 47627704942185197}
    m_Modifications:
    - target: {fileID: 2694343012009107654, guid: 1cd6549a970f7de47b6a11128980f154,
        type: 3}
      propertyPath: m_Name
      value: Sphere
      objectReference: {fileID: 0}
    - target: {fileID: 5441728984341703204, guid: 1cd6549a970f7de47b6a11128980f154,
        type: 3}
      propertyPath: m_LocalPosition.x
      value: -0.1
      objectReference: {fileID: 0}
    - target: {fileID: 5441728984341703204, guid: 1cd6549a970f7de47b6a11128980f154,
        type: 3}
      propertyPath: m_LocalPosition.y
      value: 0.010000005
      objectReference: {fileID: 0}
    - target: {fileID: 5441728984341703204, guid: 1cd6549a970f7de47b6a11128980f154,
        type: 3}
      propertyPath: m_LocalPosition.z
      value: 5.1099997
      objectReference: {fileID: 0}
    - target: {fileID: 5441728984341703204, guid: 1cd6549a970f7de47b6a11128980f154,
        type: 3}
      propertyPath: m_LocalRotation.x
      value: -0
      objectReference: {fileID: 0}
    - target: {fileID: 5441728984341703204, guid: 1cd6549a970f7de47b6a11128980f154,
        type: 3}
      propertyPath: m_LocalRotation.y
      value: -0
      objectReference: {fileID: 0}
    - target: {fileID: 5441728984341703204, guid: 1cd6549a970f7de47b6a11128980f154,
        type: 3}
      propertyPath: m_LocalRotation.z
      value: -0
      objectReference: {fileID: 0}
    - target: {fileID: 5441728984341703204, guid: 1cd6549a970f7de47b6a11128980f154,
        type: 3}
      propertyPath: m_LocalRotation.w
      value: 1
      objectReference: {fileID: 0}
    - target: {fileID: 5441728984341703204, guid: 1cd6549a970f7de47b6a11128980f154,
        type: 3}
      propertyPath: m_RootOrder
      value: 0
      objectReference: {fileID: 0}
    - target: {fileID: 5441728984341703204, guid: 1cd6549a970f7de47b6a11128980f154,
        type: 3}
      propertyPath: m_LocalEulerAnglesHint.x
      value: 0
      objectReference: {fileID: 0}
    - target: {fileID: 5441728984341703204, guid: 1cd6549a970f7de47b6a11128980f154,
        type: 3}
      propertyPath: m_LocalEulerAnglesHint.y
      value: 0
      objectReference: {fileID: 0}
    - target: {fileID: 5441728984341703204, guid: 1cd6549a970f7de47b6a11128980f154,
        type: 3}
      propertyPath: m_LocalEulerAnglesHint.z
      value: 0
      objectReference: {fileID: 0}
    m_RemovedComponents: []
  m_SourcePrefab: {fileID: 100100000, guid: 1cd6549a970f7de47b6a11128980f154, type: 3}
--- !u!4 &47627704113483795 stripped
Transform:
  m_CorrespondingSourceObject: {fileID: 5441728984341703204, guid: 1cd6549a970f7de47b6a11128980f154,
    type: 3}
  m_PrefabInstance: {fileID: 5417217421281114679}
  m_PrefabAsset: {fileID: 0}
--- !u!1001 &5417217422063673545
PrefabInstance:
  m_ObjectHideFlags: 0
  serializedVersion: 2
  m_Modification:
    m_TransformParent: {fileID: 47627705533349443}
    m_Modifications:
    - target: {fileID: 2694343012009107654, guid: 1cd6549a970f7de47b6a11128980f154,
        type: 3}
      propertyPath: m_Name
      value: Sphere (1)
      objectReference: {fileID: 0}
    - target: {fileID: 5441728984341703204, guid: 1cd6549a970f7de47b6a11128980f154,
        type: 3}
      propertyPath: m_LocalPosition.x
      value: -0.16000009
      objectReference: {fileID: 0}
    - target: {fileID: 5441728984341703204, guid: 1cd6549a970f7de47b6a11128980f154,
        type: 3}
      propertyPath: m_LocalPosition.y
      value: -0.010000005
      objectReference: {fileID: 0}
    - target: {fileID: 5441728984341703204, guid: 1cd6549a970f7de47b6a11128980f154,
        type: 3}
      propertyPath: m_LocalPosition.z
      value: 5.25
      objectReference: {fileID: 0}
    - target: {fileID: 5441728984341703204, guid: 1cd6549a970f7de47b6a11128980f154,
        type: 3}
      propertyPath: m_LocalRotation.x
      value: -0
      objectReference: {fileID: 0}
    - target: {fileID: 5441728984341703204, guid: 1cd6549a970f7de47b6a11128980f154,
        type: 3}
      propertyPath: m_LocalRotation.y
      value: -0
      objectReference: {fileID: 0}
    - target: {fileID: 5441728984341703204, guid: 1cd6549a970f7de47b6a11128980f154,
        type: 3}
      propertyPath: m_LocalRotation.z
      value: -0
      objectReference: {fileID: 0}
    - target: {fileID: 5441728984341703204, guid: 1cd6549a970f7de47b6a11128980f154,
        type: 3}
      propertyPath: m_LocalRotation.w
      value: 1
      objectReference: {fileID: 0}
    - target: {fileID: 5441728984341703204, guid: 1cd6549a970f7de47b6a11128980f154,
        type: 3}
      propertyPath: m_RootOrder
      value: 0
      objectReference: {fileID: 0}
    - target: {fileID: 5441728984341703204, guid: 1cd6549a970f7de47b6a11128980f154,
        type: 3}
      propertyPath: m_LocalEulerAnglesHint.x
      value: 0
      objectReference: {fileID: 0}
    - target: {fileID: 5441728984341703204, guid: 1cd6549a970f7de47b6a11128980f154,
        type: 3}
      propertyPath: m_LocalEulerAnglesHint.y
      value: 0
      objectReference: {fileID: 0}
    - target: {fileID: 5441728984341703204, guid: 1cd6549a970f7de47b6a11128980f154,
        type: 3}
      propertyPath: m_LocalEulerAnglesHint.z
      value: 0
      objectReference: {fileID: 0}
    m_RemovedComponents: []
  m_SourcePrefab: {fileID: 100100000, guid: 1cd6549a970f7de47b6a11128980f154, type: 3}
--- !u!4 &47627704942185197 stripped
Transform:
  m_CorrespondingSourceObject: {fileID: 5441728984341703204, guid: 1cd6549a970f7de47b6a11128980f154,
    type: 3}
  m_PrefabInstance: {fileID: 5417217422063673545}
  m_PrefabAsset: {fileID: 0}
--- !u!1001 &5417217422688670823
PrefabInstance:
  m_ObjectHideFlags: 0
  serializedVersion: 2
  m_Modification:
    m_TransformParent: {fileID: 47627704185168049}
    m_Modifications:
    - target: {fileID: 2694343012009107654, guid: 1cd6549a970f7de47b6a11128980f154,
        type: 3}
      propertyPath: m_Name
      value: Sphere (2)
      objectReference: {fileID: 0}
    - target: {fileID: 5441728984341703204, guid: 1cd6549a970f7de47b6a11128980f154,
        type: 3}
      propertyPath: m_LocalPosition.x
      value: -0.15999997
      objectReference: {fileID: 0}
    - target: {fileID: 5441728984341703204, guid: 1cd6549a970f7de47b6a11128980f154,
        type: 3}
      propertyPath: m_LocalPosition.y
      value: 0
      objectReference: {fileID: 0}
    - target: {fileID: 5441728984341703204, guid: 1cd6549a970f7de47b6a11128980f154,
        type: 3}
      propertyPath: m_LocalPosition.z
      value: 5.68
      objectReference: {fileID: 0}
    - target: {fileID: 5441728984341703204, guid: 1cd6549a970f7de47b6a11128980f154,
        type: 3}
      propertyPath: m_LocalRotation.x
      value: -0
      objectReference: {fileID: 0}
    - target: {fileID: 5441728984341703204, guid: 1cd6549a970f7de47b6a11128980f154,
        type: 3}
      propertyPath: m_LocalRotation.y
      value: -0
      objectReference: {fileID: 0}
    - target: {fileID: 5441728984341703204, guid: 1cd6549a970f7de47b6a11128980f154,
        type: 3}
      propertyPath: m_LocalRotation.z
      value: -0
      objectReference: {fileID: 0}
    - target: {fileID: 5441728984341703204, guid: 1cd6549a970f7de47b6a11128980f154,
        type: 3}
      propertyPath: m_LocalRotation.w
      value: 1
      objectReference: {fileID: 0}
    - target: {fileID: 5441728984341703204, guid: 1cd6549a970f7de47b6a11128980f154,
        type: 3}
      propertyPath: m_RootOrder
      value: 0
      objectReference: {fileID: 0}
    - target: {fileID: 5441728984341703204, guid: 1cd6549a970f7de47b6a11128980f154,
        type: 3}
      propertyPath: m_LocalEulerAnglesHint.x
      value: 0
      objectReference: {fileID: 0}
    - target: {fileID: 5441728984341703204, guid: 1cd6549a970f7de47b6a11128980f154,
        type: 3}
      propertyPath: m_LocalEulerAnglesHint.y
      value: 0
      objectReference: {fileID: 0}
    - target: {fileID: 5441728984341703204, guid: 1cd6549a970f7de47b6a11128980f154,
        type: 3}
      propertyPath: m_LocalEulerAnglesHint.z
      value: 0
      objectReference: {fileID: 0}
    m_RemovedComponents: []
  m_SourcePrefab: {fileID: 100100000, guid: 1cd6549a970f7de47b6a11128980f154, type: 3}
--- !u!4 &47627705533349443 stripped
Transform:
  m_CorrespondingSourceObject: {fileID: 5441728984341703204, guid: 1cd6549a970f7de47b6a11128980f154,
    type: 3}
  m_PrefabInstance: {fileID: 5417217422688670823}
  m_PrefabAsset: {fileID: 0}
--- !u!1001 &6937982425087436296
PrefabInstance:
  m_ObjectHideFlags: 0
  serializedVersion: 2
  m_Modification:
    m_TransformParent: {fileID: 619128640230152026}
    m_Modifications:
    - target: {fileID: 2694343012009107654, guid: 1cd6549a970f7de47b6a11128980f154,
        type: 3}
      propertyPath: m_Name
      value: Sphere
      objectReference: {fileID: 0}
    - target: {fileID: 5441728984341703204, guid: 1cd6549a970f7de47b6a11128980f154,
        type: 3}
      propertyPath: m_LocalPosition.x
      value: 0.07
      objectReference: {fileID: 0}
    - target: {fileID: 5441728984341703204, guid: 1cd6549a970f7de47b6a11128980f154,
        type: 3}
      propertyPath: m_LocalPosition.y
      value: 0.01
      objectReference: {fileID: 0}
    - target: {fileID: 5441728984341703204, guid: 1cd6549a970f7de47b6a11128980f154,
        type: 3}
      propertyPath: m_LocalPosition.z
      value: 5.06
      objectReference: {fileID: 0}
    - target: {fileID: 5441728984341703204, guid: 1cd6549a970f7de47b6a11128980f154,
        type: 3}
      propertyPath: m_LocalRotation.x
      value: 0
      objectReference: {fileID: 0}
    - target: {fileID: 5441728984341703204, guid: 1cd6549a970f7de47b6a11128980f154,
        type: 3}
      propertyPath: m_LocalRotation.y
      value: 0
      objectReference: {fileID: 0}
    - target: {fileID: 5441728984341703204, guid: 1cd6549a970f7de47b6a11128980f154,
        type: 3}
      propertyPath: m_LocalRotation.z
      value: 0
      objectReference: {fileID: 0}
    - target: {fileID: 5441728984341703204, guid: 1cd6549a970f7de47b6a11128980f154,
        type: 3}
      propertyPath: m_LocalRotation.w
      value: 1
      objectReference: {fileID: 0}
    - target: {fileID: 5441728984341703204, guid: 1cd6549a970f7de47b6a11128980f154,
        type: 3}
      propertyPath: m_RootOrder
      value: 0
      objectReference: {fileID: 0}
    - target: {fileID: 5441728984341703204, guid: 1cd6549a970f7de47b6a11128980f154,
        type: 3}
      propertyPath: m_LocalEulerAnglesHint.x
      value: 0
      objectReference: {fileID: 0}
    - target: {fileID: 5441728984341703204, guid: 1cd6549a970f7de47b6a11128980f154,
        type: 3}
      propertyPath: m_LocalEulerAnglesHint.y
      value: 0
      objectReference: {fileID: 0}
    - target: {fileID: 5441728984341703204, guid: 1cd6549a970f7de47b6a11128980f154,
        type: 3}
      propertyPath: m_LocalEulerAnglesHint.z
      value: 0
      objectReference: {fileID: 0}
    m_RemovedComponents: []
  m_SourcePrefab: {fileID: 100100000, guid: 1cd6549a970f7de47b6a11128980f154, type: 3}
--- !u!1 &4984518248141063886 stripped
GameObject:
  m_CorrespondingSourceObject: {fileID: 2694343012009107654, guid: 1cd6549a970f7de47b6a11128980f154,
    type: 3}
  m_PrefabInstance: {fileID: 6937982425087436296}
  m_PrefabAsset: {fileID: 0}
